<record><leader>00000cas a22000007a 4500</leader><controlfield tag="001">10113409</controlfield><controlfield tag="008">831109d18281831nyuwr ne      0    0eng d</controlfield><datafield ind1=" " ind2=" " tag="010"><subfield code="a">sn 83032054 </subfield></datafield><datafield ind1=" " ind2=" " tag="040"><subfield code="a">NPU</subfield><subfield code="b">eng</subfield><subfield code="c">NPU</subfield><subfield code="d">CNW</subfield><subfield code="d">UBY</subfield><subfield code="d">OCLCQ</subfield><subfield code="d">OCLCO</subfield><subfield code="d">OCLCF</subfield></datafield><datafield ind1="1" ind2=" " tag="029"><subfield code="a">AU@</subfield><subfield code="b">000025834408</subfield></datafield><datafield ind1=" " ind2=" " tag="042"><subfield code="a">msc</subfield></datafield><datafield ind1=" " ind2=" " tag="043"><subfield code="a">n-us-ny</subfield></datafield><datafield ind1="0" ind2=" " tag="130"><subfield code="a">Reflector (Palmyra, N.Y.)</subfield></datafield><datafield ind1="1" ind2="4" tag="245"><subfield code="a">The reflector.</subfield></datafield><datafield ind1=" " ind2=" " tag="260"><subfield code="a">Palmyra [N.Y.] :</subfield><subfield code="b">O. Dogberry</subfield></datafield><datafield ind1=" " ind2=" " tag="300"><subfield code="a">v. ;</subfield><subfield code="c">26 cm.</subfield></datafield><datafield ind1=" " ind2=" " tag="310"><subfield code="a">Weekly, &lt;Dec. 22,</subfield><subfield code="b">1829&gt;-1831</subfield></datafield><datafield ind1=" " ind2=" " tag="321"><subfield code="a">Monthly,</subfield><subfield code="b">1828-1829</subfield></datafield><datafield ind1="1" ind2=" " tag="362"><subfield code="a">Began in 1828.</subfield><subfield code="z">Cf. NIM: US, 1973.</subfield></datafield><datafield ind1="0" ind2=" " tag="362"><subfield code="a">-new ser. no. 16 (Apr 10 [i.e. 19], 1830) ; Third ser. no. 1 (May 1, 1830)-third ser. no. 16 (Sept. 13, 1830) ; Ser. 1 vol. 2, no. 1 (Oct. 4, 1830)-ser. 1 v. 2, no. 16 (Mar. 19, 1831).</subfield></datafield><datafield ind1=" " ind2=" " tag="588"><subfield code="a">Description based on: New ser., no. 1 (Dec. 22, 1829).</subfield></datafield><datafield ind1=" " ind2="0" tag="651"><subfield code="a">Palmyra (N.Y.)</subfield><subfield code="v">Newspapers.</subfield></datafield><datafield ind1=" " ind2="0" tag="651"><subfield code="a">Wayne County (N.Y.)</subfield><subfield code="v">Newspapers.</subfield></datafield><datafield ind1=" " ind2="0" tag="650"><subfield code="a">Mormons</subfield><subfield code="z">New York (State)</subfield><subfield code="z">Palmyra</subfield><subfield code="v">Periodicals.</subfield></datafield><datafield ind1=" " ind2="7" tag="655"><subfield code="a">Newspapers.</subfield><subfield code="2">fast</subfield><subfield code="0">(OCoLC)fst01423814</subfield></datafield><datafield ind1=" " ind2="7" tag="655"><subfield code="a">Periodicals.</subfield><subfield code="2">fast</subfield><subfield code="0">(OCoLC)fst01411641</subfield></datafield><datafield ind1=" " ind2="7" tag="650"><subfield code="a">Mormons.</subfield><subfield code="2">fast</subfield><subfield code="0">(OCoLC)fst01026314</subfield></datafield><datafield ind1=" " ind2="7" tag="651"><subfield code="a">New York (State)</subfield><subfield code="z">Palmyra.</subfield><subfield code="2">fast</subfield><subfield code="0">(OCoLC)fst01216653</subfield></datafield><datafield ind1=" " ind2="7" tag="651"><subfield code="a">New York (State)</subfield><subfield code="z">Wayne County.</subfield><subfield code="2">fast</subfield><subfield code="0">(OCoLC)fst01206235</subfield></datafield><datafield ind1=" " ind2=" " tag="752"><subfield code="a">United States</subfield><subfield code="b">New York</subfield><subfield code="c">Wayne</subfield><subfield code="d">Palmyra.</subfield></datafield></record>